@misc{Bootstrap,
   title={Introduction to Bootstrap 4},
   url={https://getbootstrap.com/docs/4.1/getting-started/introduction/},
   journal={Bootstrap},
   author={Otto, Mark and Thornton,Jacob},
   urldate={2018-10},
   shorthand={bs4},
}

@misc{myanimelist.net,
   title={Anime and Manga Database and Community},
   url={https://myanimelist.net/},
   journal={MyAnimeList.net},
   author={myanimelist},
   urldate={2018-10},
   shorthand={mal},
}

@misc{mysqli-Procedural,
   title={MySQLi Procedural Functions},
   url={https://www.phpknowhow.com/mysql/mysqli-procedural-functions/},
   journal={PHP MySQLi Procedural Functions - PHPKnowHow},
   author={phpknowhow},
   urldate={2018-10},
   shorthand={mpf},
}


@misc{multiple-admin-levels-owasp,
   title={Empty String Password},
   url={https://www.owasp.org/index.php/Multiple_admin_levels},
   journal={Empty String Password - OWASP},
   author={owasp},
   urldate={2018-10}
}

@misc{password-management:-hardcoded-password-owasp,
   title={Empty String Password},
   url={https://www.owasp.org/index.php/Password_Management:_Hardcoded_Password},
   journal={Empty String Password - OWASP},
   author={owasp},
   urldate={2018-10}
}

@misc{empty-string-password-owasp,
   title={Empty String Password},
   url={https://www.owasp.org/index.php/Empty_String_Password},
   journal={Empty String Password - OWASP},
   author={owasp},
   urldate={2018-10},
}

@misc{using-a-broken-or-risky-cryptographic-algorithm-owasp,
   title={Empty String Password},
   url={https://www.owasp.org/index.php/Using_a_broken_or_risky_cryptographic_algorithm},
   journal={Empty String Password - OWASP},
   author={owasp},
   urldate={2018-10}
}
@misc{unrestricted-file-upload-owasp,
   title={Empty String Password},
   url={https://www.owasp.org/index.php/Unrestricted_File_Upload},
   journal={Empty String Password - OWASP},
   author={owasp},
   urldate={2018-10}
}

@misc{php-file-inclusion-owasp,
   title={Empty String Password},
   url={https://www.owasp.org/index.php/PHP_File_Inclusion},
   journal={Empty String Password - OWASP},
   author={owasp},
   urldate={2018-10}
}

@misc{cross-site-scripting-owasp,
   title={Empty String Password},
   url={https://www.owasp.org/index.php/Cross-site_Scripting_(XSS)},
   journal={Empty String Password - OWASP},
   author={owasp},
   urldate={2018-10}
}

@misc{sql-injection-owasp,
   title={Empty String Password},
   url={https://www.owasp.org/index.php/SQL_Injection},
   journal={Empty String Password - OWASP},
   author={owasp},
   urldate={2018-10}
}